%YAML 1.1
%TAG !u! tag:unity3d.com,2011:
--- !u!1 &1279765022195387651
GameObject:
  m_ObjectHideFlags: 0
  m_CorrespondingSourceObject: {fileID: 0}
  m_PrefabInstance: {fileID: 0}
  m_PrefabAsset: {fileID: 0}
  serializedVersion: 6
  m_Component:
  - component: {fileID: 1934235375870074782}
  - component: {fileID: 4909582013622750188}
  m_Layer: 0
  m_Name: Board_Model
  m_TagString: Untagged
  m_Icon: {fileID: 0}
  m_NavMeshLayer: 0
  m_StaticEditorFlags: 0
  m_IsActive: 1
--- !u!4 &1934235375870074782
Transform:
  m_ObjectHideFlags: 0
  m_CorrespondingSourceObject: {fileID: 0}
  m_PrefabInstance: {fileID: 0}
  m_PrefabAsset: {fileID: 0}
  m_GameObject: {fileID: 1279765022195387651}
  m_LocalRotation: {x: 0, y: 0, z: 0, w: 1}
  m_LocalPosition: {x: 0, y: 0, z: 0}
  m_LocalScale: {x: 1, y: 1, z: 1}
  m_Children:
  - {fileID: 7228502897637837915}
  - {fileID: 5668783506492628088}
  - {fileID: 4315397720226072181}
  - {fileID: 1443742652841304692}
  m_Father: {fileID: 0}
  m_RootOrder: 0
  m_LocalEulerAnglesHint: {x: 0, y: 0, z: 0}
--- !u!205 &4909582013622750188
LODGroup:
  m_ObjectHideFlags: 0
  m_CorrespondingSourceObject: {fileID: 0}
  m_PrefabInstance: {fileID: 0}
  m_PrefabAsset: {fileID: 0}
  m_GameObject: {fileID: 1279765022195387651}
  serializedVersion: 2
  m_LocalReferencePoint: {x: 0, y: 0.015518149, z: 0}
  m_Size: 1.9999994
  m_FadeMode: 1
  m_AnimateCrossFading: 1
  m_LastLODIsBillboard: 0
  m_LODs:
  - screenRelativeHeight: 0.7243843
    fadeTransitionWidth: 0
    renderers:
    - renderer: {fileID: 4210508995287016635}
  - screenRelativeHeight: 0.27954078
    fadeTransitionWidth: 0
    renderers:
    - renderer: {fileID: 1550593456548593850}
  - screenRelativeHeight: 0.071397476
    fadeTransitionWidth: 0
    renderers:
    - renderer: {fileID: 6974984303416629943}
  - screenRelativeHeight: 0.012088911
    fadeTransitionWidth: 0
    renderers:
    - renderer: {fileID: 5347816483878668948}
  m_Enabled: 1
--- !u!1001 &851501790906005346
PrefabInstance:
  m_ObjectHideFlags: 0
  serializedVersion: 2
  m_Modification:
    m_TransformParent: {fileID: 1934235375870074782}
    m_Modifications:
    - target: {fileID: -927199367670048503, guid: f3e5204f1c664864780e428b5ca4b929,
        type: 3}
      propertyPath: m_Name
      value: Board_LOD_1
      objectReference: {fileID: 0}
    - target: {fileID: -4216859302048453862, guid: f3e5204f1c664864780e428b5ca4b929,
        type: 3}
      propertyPath: m_LocalPosition.x
      value: 0
      objectReference: {fileID: 0}
    - target: {fileID: -4216859302048453862, guid: f3e5204f1c664864780e428b5ca4b929,
        type: 3}
      propertyPath: m_LocalPosition.y
      value: 0.014
      objectReference: {fileID: 0}
    - target: {fileID: -4216859302048453862, guid: f3e5204f1c664864780e428b5ca4b929,
        type: 3}
      propertyPath: m_LocalPosition.z
      value: 0
      objectReference: {fileID: 0}
    - target: {fileID: -4216859302048453862, guid: f3e5204f1c664864780e428b5ca4b929,
        type: 3}
      propertyPath: m_LocalRotation.x
      value: -0.7071068
      objectReference: {fileID: 0}
    - target: {fileID: -4216859302048453862, guid: f3e5204f1c664864780e428b5ca4b929,
        type: 3}
      propertyPath: m_LocalRotation.y
      value: 0
      objectReference: {fileID: 0}
    - target: {fileID: -4216859302048453862, guid: f3e5204f1c664864780e428b5ca4b929,
        type: 3}
      propertyPath: m_LocalRotation.z
      value: -0
      objectReference: {fileID: 0}
    - target: {fileID: -4216859302048453862, guid: f3e5204f1c664864780e428b5ca4b929,
        type: 3}
      propertyPath: m_LocalRotation.w
      value: 0.7071067
      objectReference: {fileID: 0}
    - target: {fileID: -4216859302048453862, guid: f3e5204f1c664864780e428b5ca4b929,
        type: 3}
      propertyPath: m_RootOrder
      value: 1
      objectReference: {fileID: 0}
    - target: {fileID: -4216859302048453862, guid: f3e5204f1c664864780e428b5ca4b929,
        type: 3}
      propertyPath: m_LocalEulerAnglesHint.x
      value: 0
      objectReference: {fileID: 0}
    - target: {fileID: -4216859302048453862, guid: f3e5204f1c664864780e428b5ca4b929,
        type: 3}
      propertyPath: m_LocalEulerAnglesHint.y
      value: 0
      objectReference: {fileID: 0}
    - target: {fileID: -4216859302048453862, guid: f3e5204f1c664864780e428b5ca4b929,
        type: 3}
      propertyPath: m_LocalEulerAnglesHint.z
      value: 0
      objectReference: {fileID: 0}
    - target: {fileID: -1504981713932161579, guid: f3e5204f1c664864780e428b5ca4b929,
        type: 3}
      propertyPath: m_Materials.Array.data[0]
      value: 
      objectReference: {fileID: 2100000, guid: da37c57ad16a4ca41b1d31057a9ed2f1, type: 2}
    m_RemovedComponents: []
  m_SourcePrefab: {fileID: 100100000, guid: f3e5204f1c664864780e428b5ca4b929, type: 3}
--- !u!4 &5668783506492628088 stripped
Transform:
  m_CorrespondingSourceObject: {fileID: -4216859302048453862, guid: f3e5204f1c664864780e428b5ca4b929,
    type: 3}
  m_PrefabInstance: {fileID: 851501790906005346}
  m_PrefabAsset: {fileID: 0}
--- !u!23 &6974984303416629943 stripped
MeshRenderer:
  m_CorrespondingSourceObject: {fileID: -1504981713932161579, guid: f3e5204f1c664864780e428b5ca4b929,
    type: 3}
  m_PrefabInstance: {fileID: 851501790906005346}
  m_PrefabAsset: {fileID: 0}
--- !u!1001 &2389856524350285633
PrefabInstance:
  m_ObjectHideFlags: 0
  serializedVersion: 2
  m_Modification:
    m_TransformParent: {fileID: 1934235375870074782}
    m_Modifications:
    - target: {fileID: -927199367670048503, guid: cd23006b0bfbe8849aa351ea0435bc2c,
        type: 3}
      propertyPath: m_Name
      value: Board_LOD_0
      objectReference: {fileID: 0}
    - target: {fileID: -4216859302048453862, guid: cd23006b0bfbe8849aa351ea0435bc2c,
        type: 3}
      propertyPath: m_LocalPosition.x
      value: 0
      objectReference: {fileID: 0}
    - target: {fileID: -4216859302048453862, guid: cd23006b0bfbe8849aa351ea0435bc2c,
        type: 3}
      propertyPath: m_LocalPosition.y
      value: 0.014
      objectReference: {fileID: 0}
    - target: {fileID: -4216859302048453862, guid: cd23006b0bfbe8849aa351ea0435bc2c,
        type: 3}
      propertyPath: m_LocalPosition.z
      value: 0
      objectReference: {fileID: 0}
    - target: {fileID: -4216859302048453862, guid: cd23006b0bfbe8849aa351ea0435bc2c,
        type: 3}
      propertyPath: m_LocalRotation.x
      value: -0.7071068
      objectReference: {fileID: 0}
    - target: {fileID: -4216859302048453862, guid: cd23006b0bfbe8849aa351ea0435bc2c,
        type: 3}
      propertyPath: m_LocalRotation.y
      value: 0
      objectReference: {fileID: 0}
    - target: {fileID: -4216859302048453862, guid: cd23006b0bfbe8849aa351ea0435bc2c,
        type: 3}
      propertyPath: m_LocalRotation.z
      value: -0
      objectReference: {fileID: 0}
    - target: {fileID: -4216859302048453862, guid: cd23006b0bfbe8849aa351ea0435bc2c,
        type: 3}
      propertyPath: m_LocalRotation.w
      value: 0.7071067
      objectReference: {fileID: 0}
    - target: {fileID: -4216859302048453862, guid: cd23006b0bfbe8849aa351ea0435bc2c,
        type: 3}
      propertyPath: m_RootOrder
      value: 0
      objectReference: {fileID: 0}
    - target: {fileID: -4216859302048453862, guid: cd23006b0bfbe8849aa351ea0435bc2c,
        type: 3}
      propertyPath: m_LocalEulerAnglesHint.x
      value: 0
      objectReference: {fileID: 0}
    - target: {fileID: -4216859302048453862, guid: cd23006b0bfbe8849aa351ea0435bc2c,
        type: 3}
      propertyPath: m_LocalEulerAnglesHint.y
      value: 0
      objectReference: {fileID: 0}
    - target: {fileID: -4216859302048453862, guid: cd23006b0bfbe8849aa351ea0435bc2c,
        type: 3}
      propertyPath: m_LocalEulerAnglesHint.z
      value: 0
      objectReference: {fileID: 0}
    - target: {fileID: -1504981713932161579, guid: cd23006b0bfbe8849aa351ea0435bc2c,
        type: 3}
      propertyPath: m_Materials.Array.data[0]
      value: 
      objectReference: {fileID: 2100000, guid: da37c57ad16a4ca41b1d31057a9ed2f1, type: 2}
    m_RemovedComponents: []
  m_SourcePrefab: {fileID: 100100000, guid: cd23006b0bfbe8849aa351ea0435bc2c, type: 3}
--- !u!4 &7228502897637837915 stripped
Transform:
  m_CorrespondingSourceObject: {fileID: -4216859302048453862, guid: cd23006b0bfbe8849aa351ea0435bc2c,
    type: 3}
  m_PrefabInstance: {fileID: 2389856524350285633}
  m_PrefabAsset: {fileID: 0}
--- !u!23 &5347816483878668948 stripped
MeshRenderer:
  m_CorrespondingSourceObject: {fileID: -1504981713932161579, guid: cd23006b0bfbe8849aa351ea0435bc2c,
    type: 3}
  m_PrefabInstance: {fileID: 2389856524350285633}
  m_PrefabAsset: {fileID: 0}
--- !u!1001 &5869176050800789870
PrefabInstance:
  m_ObjectHideFlags: 0
  serializedVersion: 2
  m_Modification:
    m_TransformParent: {fileID: 1934235375870074782}
    m_Modifications:
    - target: {fileID: -927199367670048503, guid: 19a1ea29f40ce194982b25134fe20299,
        type: 3}
      propertyPath: m_Name
      value: Board_LOD_3
      objectReference: {fileID: 0}
    - target: {fileID: -4216859302048453862, guid: 19a1ea29f40ce194982b25134fe20299,
        type: 3}
      propertyPath: m_LocalPosition.x
      value: 0
      objectReference: {fileID: 0}
    - target: {fileID: -4216859302048453862, guid: 19a1ea29f40ce194982b25134fe20299,
        type: 3}
      propertyPath: m_LocalPosition.y
      value: 0.014000001
      objectReference: {fileID: 0}
    - target: {fileID: -4216859302048453862, guid: 19a1ea29f40ce194982b25134fe20299,
        type: 3}
      propertyPath: m_LocalPosition.z
      value: 0
      objectReference: {fileID: 0}
    - target: {fileID: -4216859302048453862, guid: 19a1ea29f40ce194982b25134fe20299,
        type: 3}
      propertyPath: m_LocalRotation.x
      value: -0.7071068
      objectReference: {fileID: 0}
    - target: {fileID: -4216859302048453862, guid: 19a1ea29f40ce194982b25134fe20299,
        type: 3}
      propertyPath: m_LocalRotation.y
      value: 0
      objectReference: {fileID: 0}
    - target: {fileID: -4216859302048453862, guid: 19a1ea29f40ce194982b25134fe20299,
        type: 3}
      propertyPath: m_LocalRotation.z
      value: -0
      objectReference: {fileID: 0}
    - target: {fileID: -4216859302048453862, guid: 19a1ea29f40ce194982b25134fe20299,
        type: 3}
      propertyPath: m_LocalRotation.w
      value: 0.7071067
      objectReference: {fileID: 0}
    - target: {fileID: -4216859302048453862, guid: 19a1ea29f40ce194982b25134fe20299,
        type: 3}
      propertyPath: m_RootOrder
      value: 3
      objectReference: {fileID: 0}
    - target: {fileID: -4216859302048453862, guid: 19a1ea29f40ce194982b25134fe20299,
        type: 3}
      propertyPath: m_LocalEulerAnglesHint.x
      value: 0
      objectReference: {fileID: 0}
    - target: {fileID: -4216859302048453862, guid: 19a1ea29f40ce194982b25134fe20299,
        type: 3}
      propertyPath: m_LocalEulerAnglesHint.y
      value: 0
      objectReference: {fileID: 0}
    - target: {fileID: -4216859302048453862, guid: 19a1ea29f40ce194982b25134fe20299,
        type: 3}
      propertyPath: m_LocalEulerAnglesHint.z
      value: 0
      objectReference: {fileID: 0}
    - target: {fileID: -1504981713932161579, guid: 19a1ea29f40ce194982b25134fe20299,
        type: 3}
      propertyPath: m_Materials.Array.data[0]
      value: 
      objectReference: {fileID: 2100000, guid: da37c57ad16a4ca41b1d31057a9ed2f1, type: 2}
    m_RemovedComponents: []
  m_SourcePrefab: {fileID: 100100000, guid: 19a1ea29f40ce194982b25134fe20299, type: 3}
--- !u!4 &1443742652841304692 stripped
Transform:
  m_CorrespondingSourceObject: {fileID: -4216859302048453862, guid: 19a1ea29f40ce194982b25134fe20299,
    type: 3}
  m_PrefabInstance: {fileID: 5869176050800789870}
  m_PrefabAsset: {fileID: 0}
--- !u!23 &4210508995287016635 stripped
MeshRenderer:
  m_CorrespondingSourceObject: {fileID: -1504981713932161579, guid: 19a1ea29f40ce194982b25134fe20299,
    type: 3}
  m_PrefabInstance: {fileID: 5869176050800789870}
  m_PrefabAsset: {fileID: 0}
--- !u!1001 &9122581533906087279
PrefabInstance:
  m_ObjectHideFlags: 0
  serializedVersion: 2
  m_Modification:
    m_TransformParent: {fileID: 1934235375870074782}
    m_Modifications:
    - target: {fileID: -927199367670048503, guid: 3990ab2d8e6d36548803ffce4ead88f1,
        type: 3}
      propertyPath: m_Name
      value: Board_LOD_2
      objectReference: {fileID: 0}
    - target: {fileID: -4216859302048453862, guid: 3990ab2d8e6d36548803ffce4ead88f1,
        type: 3}
      propertyPath: m_LocalPosition.x
      value: 0
      objectReference: {fileID: 0}
    - target: {fileID: -4216859302048453862, guid: 3990ab2d8e6d36548803ffce4ead88f1,
        type: 3}
      propertyPath: m_LocalPosition.y
      value: 0.014
      objectReference: {fileID: 0}
    - target: {fileID: -4216859302048453862, guid: 3990ab2d8e6d36548803ffce4ead88f1,
        type: 3}
      propertyPath: m_LocalPosition.z
      value: 0
      objectReference: {fileID: 0}
    - target: {fileID: -4216859302048453862, guid: 3990ab2d8e6d36548803ffce4ead88f1,
        type: 3}
      propertyPath: m_LocalRotation.x
      value: -0.7071068
      objectReference: {fileID: 0}
    - target: {fileID: -4216859302048453862, guid: 3990ab2d8e6d36548803ffce4ead88f1,
        type: 3}
      propertyPath: m_LocalRotation.y
      value: 0
      objectReference: {fileID: 0}
    - target: {fileID: -4216859302048453862, guid: 3990ab2d8e6d36548803ffce4ead88f1,
        type: 3}
      propertyPath: m_LocalRotation.z
      value: -0
      objectReference: {fileID: 0}
    - target: {fileID: -4216859302048453862, guid: 3990ab2d8e6d36548803ffce4ead88f1,
        type: 3}
      propertyPath: m_LocalRotation.w
      value: 0.7071067
      objectReference: {fileID: 0}
    - target: {fileID: -4216859302048453862, guid: 3990ab2d8e6d36548803ffce4ead88f1,
        type: 3}
      propertyPath: m_RootOrder
      value: 2
      objectReference: {fileID: 0}
    - target: {fileID: -4216859302048453862, guid: 3990ab2d8e6d36548803ffce4ead88f1,
        type: 3}
      propertyPath: m_LocalEulerAnglesHint.x
      value: 0
      objectReference: {fileID: 0}
    - target: {fileID: -4216859302048453862, guid: 3990ab2d8e6d36548803ffce4ead88f1,
        type: 3}
      propertyPath: m_LocalEulerAnglesHint.y
      value: 0
      objectReference: {fileID: 0}
    - target: {fileID: -4216859302048453862, guid: 3990ab2d8e6d36548803ffce4ead88f1,
        type: 3}
      propertyPath: m_LocalEulerAnglesHint.z
      value: 0
      objectReference: {fileID: 0}
    - target: {fileID: -1504981713932161579, guid: 3990ab2d8e6d36548803ffce4ead88f1,
        type: 3}
      propertyPath: m_Materials.Array.data[0]
      value: 
      objectReference: {fileID: 2100000, guid: da37c57ad16a4ca41b1d31057a9ed2f1, type: 2}
    m_RemovedComponents: []
  m_SourcePrefab: {fileID: 100100000, guid: 3990ab2d8e6d36548803ffce4ead88f1, type: 3}
--- !u!4 &4315397720226072181 stripped
Transform:
  m_CorrespondingSourceObject: {fileID: -4216859302048453862, guid: 3990ab2d8e6d36548803ffce4ead88f1,
    type: 3}
  m_PrefabInstance: {fileID: 9122581533906087279}
  m_PrefabAsset: {fileID: 0}
--- !u!23 &1550593456548593850 stripped
MeshRenderer:
  m_CorrespondingSourceObject: {fileID: -1504981713932161579, guid: 3990ab2d8e6d36548803ffce4ead88f1,
    type: 3}
  m_PrefabInstance: {fileID: 9122581533906087279}
  m_PrefabAsset: {fileID: 0}
