%YAML 1.1
%TAG !u! tag:unity3d.com,2011:
--- !u!1 &5783854714161108144
GameObject:
  m_ObjectHideFlags: 0
  m_CorrespondingSourceObject: {fileID: 0}
  m_PrefabInstance: {fileID: 0}
  m_PrefabAsset: {fileID: 0}
  serializedVersion: 6
  m_Component:
  - component: {fileID: 1729085337644479537}
  m_Layer: 0
  m_Name: Lorried_Truck
  m_TagString: Untagged
  m_Icon: {fileID: 0}
  m_NavMeshLayer: 0
  m_StaticEditorFlags: 0
  m_IsActive: 1
--- !u!4 &1729085337644479537
Transform:
  m_ObjectHideFlags: 0
  m_CorrespondingSourceObject: {fileID: 0}
  m_PrefabInstance: {fileID: 0}
  m_PrefabAsset: {fileID: 0}
  m_GameObject: {fileID: 5783854714161108144}
  m_LocalRotation: {x: 0, y: 0, z: 0, w: 1}
  m_LocalPosition: {x: 0, y: 0, z: 0}
  m_LocalScale: {x: 1, y: 1, z: 1}
  m_Children:
  - {fileID: 7470232873626269110}
  - {fileID: 6140325310555400437}
  m_Father: {fileID: 0}
  m_RootOrder: 0
  m_LocalEulerAnglesHint: {x: 0, y: 0, z: 0}
--- !u!1001 &4093275495863100664
PrefabInstance:
  m_ObjectHideFlags: 0
  serializedVersion: 2
  m_Modification:
    m_TransformParent: {fileID: 1729085337644479537}
    m_Modifications:
    - target: {fileID: 3336722512346825105, guid: bac030061dc922446ab7f0aa79c43ccf,
        type: 3}
      propertyPath: m_Name
      value: Lorry_Model
      objectReference: {fileID: 0}
    - target: {fileID: 6874082205493842254, guid: bac030061dc922446ab7f0aa79c43ccf,
        type: 3}
      propertyPath: m_LocalPosition.x
      value: 1.1070013
      objectReference: {fileID: 0}
    - target: {fileID: 6874082205493842254, guid: bac030061dc922446ab7f0aa79c43ccf,
        type: 3}
      propertyPath: m_LocalPosition.y
      value: 0
      objectReference: {fileID: 0}
    - target: {fileID: 6874082205493842254, guid: bac030061dc922446ab7f0aa79c43ccf,
        type: 3}
      propertyPath: m_LocalPosition.z
      value: 0
      objectReference: {fileID: 0}
    - target: {fileID: 6874082205493842254, guid: bac030061dc922446ab7f0aa79c43ccf,
        type: 3}
      propertyPath: m_LocalRotation.x
      value: -0
      objectReference: {fileID: 0}
    - target: {fileID: 6874082205493842254, guid: bac030061dc922446ab7f0aa79c43ccf,
        type: 3}
      propertyPath: m_LocalRotation.y
      value: -0.7071068
      objectReference: {fileID: 0}
    - target: {fileID: 6874082205493842254, guid: bac030061dc922446ab7f0aa79c43ccf,
        type: 3}
      propertyPath: m_LocalRotation.z
      value: -0
      objectReference: {fileID: 0}
    - target: {fileID: 6874082205493842254, guid: bac030061dc922446ab7f0aa79c43ccf,
        type: 3}
      propertyPath: m_LocalRotation.w
      value: 0.7071068
      objectReference: {fileID: 0}
    - target: {fileID: 6874082205493842254, guid: bac030061dc922446ab7f0aa79c43ccf,
        type: 3}
      propertyPath: m_RootOrder
      value: 0
      objectReference: {fileID: 0}
    - target: {fileID: 6874082205493842254, guid: bac030061dc922446ab7f0aa79c43ccf,
        type: 3}
      propertyPath: m_LocalEulerAnglesHint.x
      value: 0
      objectReference: {fileID: 0}
    - target: {fileID: 6874082205493842254, guid: bac030061dc922446ab7f0aa79c43ccf,
        type: 3}
      propertyPath: m_LocalEulerAnglesHint.y
      value: -90
      objectReference: {fileID: 0}
    - target: {fileID: 6874082205493842254, guid: bac030061dc922446ab7f0aa79c43ccf,
        type: 3}
      propertyPath: m_LocalEulerAnglesHint.z
      value: 0
      objectReference: {fileID: 0}
    - target: {fileID: 1650236874, guid: bac030061dc922446ab7f0aa79c43ccf, type: 3}
      propertyPath: m_ConnectedBody
      value: 
      objectReference: {fileID: 6936610575826842276}
    - target: {fileID: 1650236874, guid: bac030061dc922446ab7f0aa79c43ccf, type: 3}
      propertyPath: m_ConnectedAnchor.x
      value: -0.0000003576279
      objectReference: {fileID: 0}
    - target: {fileID: 1650236874, guid: bac030061dc922446ab7f0aa79c43ccf, type: 3}
      propertyPath: m_ConnectedAnchor.y
      value: 0.6
      objectReference: {fileID: 0}
    - target: {fileID: 1650236874, guid: bac030061dc922446ab7f0aa79c43ccf, type: 3}
      propertyPath: m_ConnectedAnchor.z
      value: -1.2670012
      objectReference: {fileID: 0}
    - target: {fileID: 1650236870, guid: bac030061dc922446ab7f0aa79c43ccf, type: 3}
      propertyPath: lorryRigidbody
      value: 
      objectReference: {fileID: 2102121657266780223}
    m_RemovedComponents: []
  m_SourcePrefab: {fileID: 100100000, guid: bac030061dc922446ab7f0aa79c43ccf, type: 3}
--- !u!4 &7470232873626269110 stripped
Transform:
  m_CorrespondingSourceObject: {fileID: 6874082205493842254, guid: bac030061dc922446ab7f0aa79c43ccf,
    type: 3}
  m_PrefabInstance: {fileID: 4093275495863100664}
  m_PrefabAsset: {fileID: 0}
--- !u!54 &2102121657266780223 stripped
Rigidbody:
  m_CorrespondingSourceObject: {fileID: 2729745298471623879, guid: bac030061dc922446ab7f0aa79c43ccf,
    type: 3}
  m_PrefabInstance: {fileID: 4093275495863100664}
  m_PrefabAsset: {fileID: 0}
--- !u!114 &4093275495295596862 stripped
MonoBehaviour:
  m_CorrespondingSourceObject: {fileID: 1650236870, guid: bac030061dc922446ab7f0aa79c43ccf,
    type: 3}
  m_PrefabInstance: {fileID: 4093275495863100664}
  m_PrefabAsset: {fileID: 0}
  m_GameObject: {fileID: 0}
  m_Enabled: 1
  m_EditorHideFlags: 0
  m_Script: {fileID: 11500000, guid: 1259e72af0434204faad9b7cab7c28d0, type: 3}
  m_Name: 
  m_EditorClassIdentifier: 
--- !u!1001 &5877857590079272864
PrefabInstance:
  m_ObjectHideFlags: 0
  serializedVersion: 2
  m_Modification:
    m_TransformParent: {fileID: 1729085337644479537}
    m_Modifications:
    - target: {fileID: 3476721474987966289, guid: 79b2ef65951a3d44fb48abad5c99dfae,
        type: 3}
      propertyPath: m_Name
      value: Truck_Modle Variant
      objectReference: {fileID: 0}
    - target: {fileID: 334542906733666133, guid: 79b2ef65951a3d44fb48abad5c99dfae,
        type: 3}
      propertyPath: m_LocalPosition.x
      value: -1.86
      objectReference: {fileID: 0}
    - target: {fileID: 334542906733666133, guid: 79b2ef65951a3d44fb48abad5c99dfae,
        type: 3}
      propertyPath: m_LocalPosition.y
      value: 0
      objectReference: {fileID: 0}
    - target: {fileID: 334542906733666133, guid: 79b2ef65951a3d44fb48abad5c99dfae,
        type: 3}
      propertyPath: m_LocalPosition.z
      value: -0
      objectReference: {fileID: 0}
    - target: {fileID: 334542906733666133, guid: 79b2ef65951a3d44fb48abad5c99dfae,
        type: 3}
      propertyPath: m_LocalRotation.x
      value: -0
      objectReference: {fileID: 0}
    - target: {fileID: 334542906733666133, guid: 79b2ef65951a3d44fb48abad5c99dfae,
        type: 3}
      propertyPath: m_LocalRotation.y
      value: -0.7071068
      objectReference: {fileID: 0}
    - target: {fileID: 334542906733666133, guid: 79b2ef65951a3d44fb48abad5c99dfae,
        type: 3}
      propertyPath: m_LocalRotation.z
      value: -0
      objectReference: {fileID: 0}
    - target: {fileID: 334542906733666133, guid: 79b2ef65951a3d44fb48abad5c99dfae,
        type: 3}
      propertyPath: m_LocalRotation.w
      value: 0.7071068
      objectReference: {fileID: 0}
    - target: {fileID: 334542906733666133, guid: 79b2ef65951a3d44fb48abad5c99dfae,
        type: 3}
      propertyPath: m_RootOrder
      value: 1
      objectReference: {fileID: 0}
    - target: {fileID: 334542906733666133, guid: 79b2ef65951a3d44fb48abad5c99dfae,
        type: 3}
      propertyPath: m_LocalEulerAnglesHint.x
      value: 0
      objectReference: {fileID: 0}
    - target: {fileID: 334542906733666133, guid: 79b2ef65951a3d44fb48abad5c99dfae,
        type: 3}
      propertyPath: m_LocalEulerAnglesHint.y
      value: -90
      objectReference: {fileID: 0}
    - target: {fileID: 334542906733666133, guid: 79b2ef65951a3d44fb48abad5c99dfae,
        type: 3}
      propertyPath: m_LocalEulerAnglesHint.z
      value: 0
      objectReference: {fileID: 0}
    - target: {fileID: 5094152157636465420, guid: 79b2ef65951a3d44fb48abad5c99dfae,
        type: 3}
      propertyPath: lorryController
      value: 
      objectReference: {fileID: 4093275495295596862}
    - target: {fileID: 5094152157636465420, guid: 79b2ef65951a3d44fb48abad5c99dfae,
        type: 3}
      propertyPath: newRigidbody
      value: 
      objectReference: {fileID: 6936610575826842276}
    - target: {fileID: 5094152157636465420, guid: 79b2ef65951a3d44fb48abad5c99dfae,
        type: 3}
      propertyPath: vechicleRigidbody
      value: 
      objectReference: {fileID: 6936610575826842276}
    m_RemovedComponents: []
  m_SourcePrefab: {fileID: 100100000, guid: 79b2ef65951a3d44fb48abad5c99dfae, type: 3}
--- !u!4 &6140325310555400437 stripped
Transform:
  m_CorrespondingSourceObject: {fileID: 334542906733666133, guid: 79b2ef65951a3d44fb48abad5c99dfae,
    type: 3}
  m_PrefabInstance: {fileID: 5877857590079272864}
  m_PrefabAsset: {fileID: 0}
--- !u!54 &6936610575826842276 stripped
Rigidbody:
  m_CorrespondingSourceObject: {fileID: 3589811761997563140, guid: 79b2ef65951a3d44fb48abad5c99dfae,
    type: 3}
  m_PrefabInstance: {fileID: 5877857590079272864}
  m_PrefabAsset: {fileID: 0}
