%YAML 1.1
%TAG !u! tag:unity3d.com,2011:
--- !u!65 &8410599270810862977
BoxCollider:
  m_ObjectHideFlags: 0
  m_CorrespondingSourceObject: {fileID: 0}
  m_PrefabInstance: {fileID: 0}
  m_PrefabAsset: {fileID: 0}
  m_GameObject: {fileID: 1867821486213798050}
  m_Material: {fileID: 0}
  m_IsTrigger: 0
  m_Enabled: 1
  serializedVersion: 2
  m_Size: {x: 0.49765944, y: 0.970788, z: 1.040896}
  m_Center: {x: 0.000035107136, y: 0.47030717, z: 0.002906859}
--- !u!114 &7314225118025851264
MonoBehaviour:
  m_ObjectHideFlags: 0
  m_CorrespondingSourceObject: {fileID: 0}
  m_PrefabInstance: {fileID: 0}
  m_PrefabAsset: {fileID: 0}
  m_GameObject: {fileID: 1867821486213798050}
  m_Enabled: 1
  m_EditorHideFlags: 0
  m_Script: {fileID: 11500000, guid: 1747c2ddf84b499419222f682ff4f518, type: 3}
  m_Name: 
  m_EditorClassIdentifier: 
  interactiveController: {fileID: 7963015944492201776}
  assignedArea: {fileID: 0}
  playerUsePosition: {fileID: 8410599271275513092}
--- !u!1 &4097062085348551235
GameObject:
  m_ObjectHideFlags: 0
  m_CorrespondingSourceObject: {fileID: 0}
  m_PrefabInstance: {fileID: 0}
  m_PrefabAsset: {fileID: 0}
  serializedVersion: 6
  m_Component:
  - component: {fileID: 3988240768906175701}
  m_Layer: 0
  m_Name: DeliveryPc
  m_TagString: Untagged
  m_Icon: {fileID: 0}
  m_NavMeshLayer: 0
  m_StaticEditorFlags: 0
  m_IsActive: 1
--- !u!4 &3988240768906175701
Transform:
  m_ObjectHideFlags: 0
  m_CorrespondingSourceObject: {fileID: 0}
  m_PrefabInstance: {fileID: 0}
  m_PrefabAsset: {fileID: 0}
  m_GameObject: {fileID: 4097062085348551235}
  m_LocalRotation: {x: -0, y: -0.27919206, z: -0, w: 0.9602353}
  m_LocalPosition: {x: 0.34, y: 0.4, z: 0.22}
  m_LocalScale: {x: 1, y: 1, z: 1}
  m_Children:
  - {fileID: 719814938699437579}
  m_Father: {fileID: 0}
  m_RootOrder: 0
  m_LocalEulerAnglesHint: {x: 0, y: -32.424, z: 0}
--- !u!1 &6986460022372229160
GameObject:
  m_ObjectHideFlags: 0
  m_CorrespondingSourceObject: {fileID: 0}
  m_PrefabInstance: {fileID: 0}
  m_PrefabAsset: {fileID: 0}
  serializedVersion: 6
  m_Component:
  - component: {fileID: 2317842790001919623}
  - component: {fileID: 2878271017571817923}
  - component: {fileID: 7963015944492201776}
  - component: {fileID: 3954511665255695897}
  m_Layer: 0
  m_Name: InteractionZone
  m_TagString: Untagged
  m_Icon: {fileID: 0}
  m_NavMeshLayer: 0
  m_StaticEditorFlags: 0
  m_IsActive: 1
--- !u!4 &2317842790001919623
Transform:
  m_ObjectHideFlags: 0
  m_CorrespondingSourceObject: {fileID: 0}
  m_PrefabInstance: {fileID: 0}
  m_PrefabAsset: {fileID: 0}
  m_GameObject: {fileID: 6986460022372229160}
  m_LocalRotation: {x: 0, y: 0, z: 0, w: 1}
  m_LocalPosition: {x: 0, y: 0, z: 0}
  m_LocalScale: {x: 1, y: 1, z: 1}
  m_Children: []
  m_Father: {fileID: 719814938699437579}
  m_RootOrder: 5
  m_LocalEulerAnglesHint: {x: 0, y: 0, z: 0}
--- !u!114 &2878271017571817923
MonoBehaviour:
  m_ObjectHideFlags: 0
  m_CorrespondingSourceObject: {fileID: 0}
  m_PrefabInstance: {fileID: 0}
  m_PrefabAsset: {fileID: 0}
  m_GameObject: {fileID: 6986460022372229160}
  m_Enabled: 1
  m_EditorHideFlags: 0
  m_Script: {fileID: 11500000, guid: 37a3917aedf54044fbdbe209f18af523, type: 3}
  m_Name: 
  m_EditorClassIdentifier: 
--- !u!114 &7963015944492201776
MonoBehaviour:
  m_ObjectHideFlags: 0
  m_CorrespondingSourceObject: {fileID: 0}
  m_PrefabInstance: {fileID: 0}
  m_PrefabAsset: {fileID: 0}
  m_GameObject: {fileID: 6986460022372229160}
  m_Enabled: 1
  m_EditorHideFlags: 0
  m_Script: {fileID: 11500000, guid: a7a1a71b5f8b767429741e451fc2749a, type: 3}
  m_Name: 
  m_EditorClassIdentifier: 
  interactionZone: {fileID: 2878271017571817923}
--- !u!65 &3954511665255695897
BoxCollider:
  m_ObjectHideFlags: 0
  m_CorrespondingSourceObject: {fileID: 0}
  m_PrefabInstance: {fileID: 0}
  m_PrefabAsset: {fileID: 0}
  m_GameObject: {fileID: 6986460022372229160}
  m_Material: {fileID: 0}
  m_IsTrigger: 1
  m_Enabled: 1
  serializedVersion: 2
  m_Size: {x: 0.3051849, y: 0.8569827, z: 0.41425812}
  m_Center: {x: -0.3994402, y: 0.48339987, z: 0.06889906}
--- !u!1 &8410599271275513093
GameObject:
  m_ObjectHideFlags: 0
  m_CorrespondingSourceObject: {fileID: 0}
  m_PrefabInstance: {fileID: 0}
  m_PrefabAsset: {fileID: 0}
  serializedVersion: 6
  m_Component:
  - component: {fileID: 8410599271275513092}
  m_Layer: 0
  m_Name: PlayerUsePosition
  m_TagString: Untagged
  m_Icon: {fileID: 0}
  m_NavMeshLayer: 0
  m_StaticEditorFlags: 0
  m_IsActive: 1
--- !u!4 &8410599271275513092
Transform:
  m_ObjectHideFlags: 0
  m_CorrespondingSourceObject: {fileID: 0}
  m_PrefabInstance: {fileID: 0}
  m_PrefabAsset: {fileID: 0}
  m_GameObject: {fileID: 8410599271275513093}
  m_LocalRotation: {x: 0, y: 0.7071068, z: 0, w: 0.7071068}
  m_LocalPosition: {x: -0.5, y: 0, z: 0.1}
  m_LocalScale: {x: 1, y: 1, z: 1}
  m_Children: []
  m_Father: {fileID: 719814938699437579}
  m_RootOrder: 4
  m_LocalEulerAnglesHint: {x: 0, y: 90, z: 0}
--- !u!1001 &6449939651794546315
PrefabInstance:
  m_ObjectHideFlags: 0
  serializedVersion: 2
  m_Modification:
    m_TransformParent: {fileID: 3988240768906175701}
    m_Modifications:
    - target: {fileID: 4641272014369601065, guid: 9faa7831bd3d1114c8c3d7c5e6b3d14e,
        type: 3}
      propertyPath: m_Name
      value: Order_Computer_Station Variant
      objectReference: {fileID: 0}
    - target: {fileID: 5800497987123198080, guid: 9faa7831bd3d1114c8c3d7c5e6b3d14e,
        type: 3}
      propertyPath: m_LocalPosition.x
      value: 0
      objectReference: {fileID: 0}
    - target: {fileID: 5800497987123198080, guid: 9faa7831bd3d1114c8c3d7c5e6b3d14e,
        type: 3}
      propertyPath: m_LocalPosition.y
      value: 0
      objectReference: {fileID: 0}
    - target: {fileID: 5800497987123198080, guid: 9faa7831bd3d1114c8c3d7c5e6b3d14e,
        type: 3}
      propertyPath: m_LocalPosition.z
      value: 0
      objectReference: {fileID: 0}
    - target: {fileID: 5800497987123198080, guid: 9faa7831bd3d1114c8c3d7c5e6b3d14e,
        type: 3}
      propertyPath: m_LocalRotation.x
      value: -0
      objectReference: {fileID: 0}
    - target: {fileID: 5800497987123198080, guid: 9faa7831bd3d1114c8c3d7c5e6b3d14e,
        type: 3}
      propertyPath: m_LocalRotation.y
      value: 0.99994195
      objectReference: {fileID: 0}
    - target: {fileID: 5800497987123198080, guid: 9faa7831bd3d1114c8c3d7c5e6b3d14e,
        type: 3}
      propertyPath: m_LocalRotation.z
      value: -0
      objectReference: {fileID: 0}
    - target: {fileID: 5800497987123198080, guid: 9faa7831bd3d1114c8c3d7c5e6b3d14e,
        type: 3}
      propertyPath: m_LocalRotation.w
      value: -0.010780974
      objectReference: {fileID: 0}
    - target: {fileID: 5800497987123198080, guid: 9faa7831bd3d1114c8c3d7c5e6b3d14e,
        type: 3}
      propertyPath: m_RootOrder
      value: 0
      objectReference: {fileID: 0}
    - target: {fileID: 5800497987123198080, guid: 9faa7831bd3d1114c8c3d7c5e6b3d14e,
        type: 3}
      propertyPath: m_LocalEulerAnglesHint.x
      value: 0
      objectReference: {fileID: 0}
    - target: {fileID: 5800497987123198080, guid: 9faa7831bd3d1114c8c3d7c5e6b3d14e,
        type: 3}
      propertyPath: m_LocalEulerAnglesHint.y
      value: 181.23499
      objectReference: {fileID: 0}
    - target: {fileID: 5800497987123198080, guid: 9faa7831bd3d1114c8c3d7c5e6b3d14e,
        type: 3}
      propertyPath: m_LocalEulerAnglesHint.z
      value: 0
      objectReference: {fileID: 0}
    m_RemovedComponents: []
  m_SourcePrefab: {fileID: 100100000, guid: 9faa7831bd3d1114c8c3d7c5e6b3d14e, type: 3}
--- !u!1 &1867821486213798050 stripped
GameObject:
  m_CorrespondingSourceObject: {fileID: 4641272014369601065, guid: 9faa7831bd3d1114c8c3d7c5e6b3d14e,
    type: 3}
  m_PrefabInstance: {fileID: 6449939651794546315}
  m_PrefabAsset: {fileID: 0}
--- !u!4 &719814938699437579 stripped
Transform:
  m_CorrespondingSourceObject: {fileID: 5800497987123198080, guid: 9faa7831bd3d1114c8c3d7c5e6b3d14e,
    type: 3}
  m_PrefabInstance: {fileID: 6449939651794546315}
  m_PrefabAsset: {fileID: 0}
