%YAML 1.1
%TAG !u! tag:unity3d.com,2011:
--- !u!1 &1554866454159002817
GameObject:
  m_ObjectHideFlags: 0
  m_CorrespondingSourceObject: {fileID: 0}
  m_PrefabInstance: {fileID: 0}
  m_PrefabAsset: {fileID: 0}
  serializedVersion: 6
  m_Component:
  - component: {fileID: 1554866454159002816}
  m_Layer: 0
  m_Name: Pallet_Dispenser_Filling
  m_TagString: Untagged
  m_Icon: {fileID: 0}
  m_NavMeshLayer: 0
  m_StaticEditorFlags: 0
  m_IsActive: 1
--- !u!4 &1554866454159002816
Transform:
  m_ObjectHideFlags: 0
  m_CorrespondingSourceObject: {fileID: 0}
  m_PrefabInstance: {fileID: 0}
  m_PrefabAsset: {fileID: 0}
  m_GameObject: {fileID: 1554866454159002817}
  m_LocalRotation: {x: -0, y: -0, z: -0, w: 1}
  m_LocalPosition: {x: 0, y: 0, z: 0}
  m_LocalScale: {x: 1, y: 1, z: 1}
  m_Children:
  - {fileID: 3192939926368211489}
  - {fileID: 634334186574137409}
  - {fileID: 7713912691135746220}
  - {fileID: 6561086621595943275}
  - {fileID: 7326445849081736777}
  - {fileID: 4805257991858632454}
  - {fileID: 7033423291084345701}
  m_Father: {fileID: 0}
  m_RootOrder: 0
  m_LocalEulerAnglesHint: {x: 0, y: 0, z: 0}
--- !u!1001 &977162352075803078
PrefabInstance:
  m_ObjectHideFlags: 0
  serializedVersion: 2
  m_Modification:
    m_TransformParent: {fileID: 1554866454159002816}
    m_Modifications:
    - target: {fileID: 8176443815008142176, guid: e566c9e6acbdd4d4c812b7802829b2e6,
        type: 3}
      propertyPath: m_Name
      value: Pallet_Model (5)
      objectReference: {fileID: 0}
    - target: {fileID: 5701600371215580864, guid: e566c9e6acbdd4d4c812b7802829b2e6,
        type: 3}
      propertyPath: m_LocalPosition.x
      value: 0.00037539005
      objectReference: {fileID: 0}
    - target: {fileID: 5701600371215580864, guid: e566c9e6acbdd4d4c812b7802829b2e6,
        type: 3}
      propertyPath: m_LocalPosition.y
      value: 1.007
      objectReference: {fileID: 0}
    - target: {fileID: 5701600371215580864, guid: e566c9e6acbdd4d4c812b7802829b2e6,
        type: 3}
      propertyPath: m_LocalPosition.z
      value: 0.0005540848
      objectReference: {fileID: 0}
    - target: {fileID: 5701600371215580864, guid: e566c9e6acbdd4d4c812b7802829b2e6,
        type: 3}
      propertyPath: m_LocalRotation.x
      value: -0
      objectReference: {fileID: 0}
    - target: {fileID: 5701600371215580864, guid: e566c9e6acbdd4d4c812b7802829b2e6,
        type: 3}
      propertyPath: m_LocalRotation.y
      value: 0.69784826
      objectReference: {fileID: 0}
    - target: {fileID: 5701600371215580864, guid: e566c9e6acbdd4d4c812b7802829b2e6,
        type: 3}
      propertyPath: m_LocalRotation.z
      value: -0
      objectReference: {fileID: 0}
    - target: {fileID: 5701600371215580864, guid: e566c9e6acbdd4d4c812b7802829b2e6,
        type: 3}
      propertyPath: m_LocalRotation.w
      value: -0.71624565
      objectReference: {fileID: 0}
    - target: {fileID: 5701600371215580864, guid: e566c9e6acbdd4d4c812b7802829b2e6,
        type: 3}
      propertyPath: m_RootOrder
      value: 5
      objectReference: {fileID: 0}
    - target: {fileID: 5701600371215580864, guid: e566c9e6acbdd4d4c812b7802829b2e6,
        type: 3}
      propertyPath: m_LocalEulerAnglesHint.x
      value: 0
      objectReference: {fileID: 0}
    - target: {fileID: 5701600371215580864, guid: e566c9e6acbdd4d4c812b7802829b2e6,
        type: 3}
      propertyPath: m_LocalEulerAnglesHint.y
      value: 271.491
      objectReference: {fileID: 0}
    - target: {fileID: 5701600371215580864, guid: e566c9e6acbdd4d4c812b7802829b2e6,
        type: 3}
      propertyPath: m_LocalEulerAnglesHint.z
      value: 0
      objectReference: {fileID: 0}
    m_RemovedComponents: []
  m_SourcePrefab: {fileID: 100100000, guid: e566c9e6acbdd4d4c812b7802829b2e6, type: 3}
--- !u!4 &4805257991858632454 stripped
Transform:
  m_CorrespondingSourceObject: {fileID: 5701600371215580864, guid: e566c9e6acbdd4d4c812b7802829b2e6,
    type: 3}
  m_PrefabInstance: {fileID: 977162352075803078}
  m_PrefabAsset: {fileID: 0}
--- !u!1001 &1453975284708638635
PrefabInstance:
  m_ObjectHideFlags: 0
  serializedVersion: 2
  m_Modification:
    m_TransformParent: {fileID: 1554866454159002816}
    m_Modifications:
    - target: {fileID: 8176443815008142176, guid: e566c9e6acbdd4d4c812b7802829b2e6,
        type: 3}
      propertyPath: m_Name
      value: Pallet_Model (3)
      objectReference: {fileID: 0}
    - target: {fileID: 5701600371215580864, guid: e566c9e6acbdd4d4c812b7802829b2e6,
        type: 3}
      propertyPath: m_LocalPosition.x
      value: -0.000082850456
      objectReference: {fileID: 0}
    - target: {fileID: 5701600371215580864, guid: e566c9e6acbdd4d4c812b7802829b2e6,
        type: 3}
      propertyPath: m_LocalPosition.y
      value: 0.63
      objectReference: {fileID: 0}
    - target: {fileID: 5701600371215580864, guid: e566c9e6acbdd4d4c812b7802829b2e6,
        type: 3}
      propertyPath: m_LocalPosition.z
      value: 0.0010385513
      objectReference: {fileID: 0}
    - target: {fileID: 5701600371215580864, guid: e566c9e6acbdd4d4c812b7802829b2e6,
        type: 3}
      propertyPath: m_LocalRotation.x
      value: -0
      objectReference: {fileID: 0}
    - target: {fileID: 5701600371215580864, guid: e566c9e6acbdd4d4c812b7802829b2e6,
        type: 3}
      propertyPath: m_LocalRotation.y
      value: 0.9998796
      objectReference: {fileID: 0}
    - target: {fileID: 5701600371215580864, guid: e566c9e6acbdd4d4c812b7802829b2e6,
        type: 3}
      propertyPath: m_LocalRotation.z
      value: -0
      objectReference: {fileID: 0}
    - target: {fileID: 5701600371215580864, guid: e566c9e6acbdd4d4c812b7802829b2e6,
        type: 3}
      propertyPath: m_LocalRotation.w
      value: -0.015520504
      objectReference: {fileID: 0}
    - target: {fileID: 5701600371215580864, guid: e566c9e6acbdd4d4c812b7802829b2e6,
        type: 3}
      propertyPath: m_RootOrder
      value: 3
      objectReference: {fileID: 0}
    - target: {fileID: 5701600371215580864, guid: e566c9e6acbdd4d4c812b7802829b2e6,
        type: 3}
      propertyPath: m_LocalEulerAnglesHint.x
      value: 0
      objectReference: {fileID: 0}
    - target: {fileID: 5701600371215580864, guid: e566c9e6acbdd4d4c812b7802829b2e6,
        type: 3}
      propertyPath: m_LocalEulerAnglesHint.y
      value: 181.77899
      objectReference: {fileID: 0}
    - target: {fileID: 5701600371215580864, guid: e566c9e6acbdd4d4c812b7802829b2e6,
        type: 3}
      propertyPath: m_LocalEulerAnglesHint.z
      value: 0
      objectReference: {fileID: 0}
    m_RemovedComponents: []
  m_SourcePrefab: {fileID: 100100000, guid: e566c9e6acbdd4d4c812b7802829b2e6, type: 3}
--- !u!4 &6561086621595943275 stripped
Transform:
  m_CorrespondingSourceObject: {fileID: 5701600371215580864, guid: e566c9e6acbdd4d4c812b7802829b2e6,
    type: 3}
  m_PrefabInstance: {fileID: 1453975284708638635}
  m_PrefabAsset: {fileID: 0}
--- !u!1001 &2606869418978586220
PrefabInstance:
  m_ObjectHideFlags: 0
  serializedVersion: 2
  m_Modification:
    m_TransformParent: {fileID: 1554866454159002816}
    m_Modifications:
    - target: {fileID: 8176443815008142176, guid: e566c9e6acbdd4d4c812b7802829b2e6,
        type: 3}
      propertyPath: m_Name
      value: Pallet_Model (2)
      objectReference: {fileID: 0}
    - target: {fileID: 5701600371215580864, guid: e566c9e6acbdd4d4c812b7802829b2e6,
        type: 3}
      propertyPath: m_LocalPosition.x
      value: -0.0005723238
      objectReference: {fileID: 0}
    - target: {fileID: 5701600371215580864, guid: e566c9e6acbdd4d4c812b7802829b2e6,
        type: 3}
      propertyPath: m_LocalPosition.y
      value: 0.448
      objectReference: {fileID: 0}
    - target: {fileID: 5701600371215580864, guid: e566c9e6acbdd4d4c812b7802829b2e6,
        type: 3}
      propertyPath: m_LocalPosition.z
      value: 0.0005617142
      objectReference: {fileID: 0}
    - target: {fileID: 5701600371215580864, guid: e566c9e6acbdd4d4c812b7802829b2e6,
        type: 3}
      propertyPath: m_LocalRotation.x
      value: -0
      objectReference: {fileID: 0}
    - target: {fileID: 5701600371215580864, guid: e566c9e6acbdd4d4c812b7802829b2e6,
        type: 3}
      propertyPath: m_LocalRotation.y
      value: 0.703942
      objectReference: {fileID: 0}
    - target: {fileID: 5701600371215580864, guid: e566c9e6acbdd4d4c812b7802829b2e6,
        type: 3}
      propertyPath: m_LocalRotation.z
      value: -0
      objectReference: {fileID: 0}
    - target: {fileID: 5701600371215580864, guid: e566c9e6acbdd4d4c812b7802829b2e6,
        type: 3}
      propertyPath: m_LocalRotation.w
      value: 0.7102575
      objectReference: {fileID: 0}
    - target: {fileID: 5701600371215580864, guid: e566c9e6acbdd4d4c812b7802829b2e6,
        type: 3}
      propertyPath: m_RootOrder
      value: 2
      objectReference: {fileID: 0}
    - target: {fileID: 5701600371215580864, guid: e566c9e6acbdd4d4c812b7802829b2e6,
        type: 3}
      propertyPath: m_LocalEulerAnglesHint.x
      value: 0
      objectReference: {fileID: 0}
    - target: {fileID: 5701600371215580864, guid: e566c9e6acbdd4d4c812b7802829b2e6,
        type: 3}
      propertyPath: m_LocalEulerAnglesHint.y
      value: 89.48801
      objectReference: {fileID: 0}
    - target: {fileID: 5701600371215580864, guid: e566c9e6acbdd4d4c812b7802829b2e6,
        type: 3}
      propertyPath: m_LocalEulerAnglesHint.z
      value: 0
      objectReference: {fileID: 0}
    m_RemovedComponents: []
  m_SourcePrefab: {fileID: 100100000, guid: e566c9e6acbdd4d4c812b7802829b2e6, type: 3}
--- !u!4 &7713912691135746220 stripped
Transform:
  m_CorrespondingSourceObject: {fileID: 5701600371215580864, guid: e566c9e6acbdd4d4c812b7802829b2e6,
    type: 3}
  m_PrefabInstance: {fileID: 2606869418978586220}
  m_PrefabAsset: {fileID: 0}
--- !u!1001 &3066077212838776969
PrefabInstance:
  m_ObjectHideFlags: 0
  serializedVersion: 2
  m_Modification:
    m_TransformParent: {fileID: 1554866454159002816}
    m_Modifications:
    - target: {fileID: 8176443815008142176, guid: e566c9e6acbdd4d4c812b7802829b2e6,
        type: 3}
      propertyPath: m_Name
      value: Pallet_Model (4)
      objectReference: {fileID: 0}
    - target: {fileID: 5701600371215580864, guid: e566c9e6acbdd4d4c812b7802829b2e6,
        type: 3}
      propertyPath: m_LocalPosition.x
      value: -0.00012469292
      objectReference: {fileID: 0}
    - target: {fileID: 5701600371215580864, guid: e566c9e6acbdd4d4c812b7802829b2e6,
        type: 3}
      propertyPath: m_LocalPosition.y
      value: 0.815
      objectReference: {fileID: 0}
    - target: {fileID: 5701600371215580864, guid: e566c9e6acbdd4d4c812b7802829b2e6,
        type: 3}
      propertyPath: m_LocalPosition.z
      value: 0.0010385513
      objectReference: {fileID: 0}
    - target: {fileID: 5701600371215580864, guid: e566c9e6acbdd4d4c812b7802829b2e6,
        type: 3}
      propertyPath: m_LocalRotation.x
      value: -0
      objectReference: {fileID: 0}
    - target: {fileID: 5701600371215580864, guid: e566c9e6acbdd4d4c812b7802829b2e6,
        type: 3}
      propertyPath: m_LocalRotation.y
      value: 0.99959385
      objectReference: {fileID: 0}
    - target: {fileID: 5701600371215580864, guid: e566c9e6acbdd4d4c812b7802829b2e6,
        type: 3}
      propertyPath: m_LocalRotation.z
      value: -0
      objectReference: {fileID: 0}
    - target: {fileID: 5701600371215580864, guid: e566c9e6acbdd4d4c812b7802829b2e6,
        type: 3}
      propertyPath: m_LocalRotation.w
      value: 0.028498314
      objectReference: {fileID: 0}
    - target: {fileID: 5701600371215580864, guid: e566c9e6acbdd4d4c812b7802829b2e6,
        type: 3}
      propertyPath: m_RootOrder
      value: 4
      objectReference: {fileID: 0}
    - target: {fileID: 5701600371215580864, guid: e566c9e6acbdd4d4c812b7802829b2e6,
        type: 3}
      propertyPath: m_LocalEulerAnglesHint.x
      value: 0
      objectReference: {fileID: 0}
    - target: {fileID: 5701600371215580864, guid: e566c9e6acbdd4d4c812b7802829b2e6,
        type: 3}
      propertyPath: m_LocalEulerAnglesHint.y
      value: 176.73401
      objectReference: {fileID: 0}
    - target: {fileID: 5701600371215580864, guid: e566c9e6acbdd4d4c812b7802829b2e6,
        type: 3}
      propertyPath: m_LocalEulerAnglesHint.z
      value: 0
      objectReference: {fileID: 0}
    m_RemovedComponents: []
  m_SourcePrefab: {fileID: 100100000, guid: e566c9e6acbdd4d4c812b7802829b2e6, type: 3}
--- !u!4 &7326445849081736777 stripped
Transform:
  m_CorrespondingSourceObject: {fileID: 5701600371215580864, guid: e566c9e6acbdd4d4c812b7802829b2e6,
    type: 3}
  m_PrefabInstance: {fileID: 3066077212838776969}
  m_PrefabAsset: {fileID: 0}
--- !u!1001 &3367454899561344933
PrefabInstance:
  m_ObjectHideFlags: 0
  serializedVersion: 2
  m_Modification:
    m_TransformParent: {fileID: 1554866454159002816}
    m_Modifications:
    - target: {fileID: 8176443815008142176, guid: e566c9e6acbdd4d4c812b7802829b2e6,
        type: 3}
      propertyPath: m_Name
      value: Pallet_Model (6)
      objectReference: {fileID: 0}
    - target: {fileID: 5701600371215580864, guid: e566c9e6acbdd4d4c812b7802829b2e6,
        type: 3}
      propertyPath: m_LocalPosition.x
      value: -0.00012469292
      objectReference: {fileID: 0}
    - target: {fileID: 5701600371215580864, guid: e566c9e6acbdd4d4c812b7802829b2e6,
        type: 3}
      propertyPath: m_LocalPosition.y
      value: 1.18
      objectReference: {fileID: 0}
    - target: {fileID: 5701600371215580864, guid: e566c9e6acbdd4d4c812b7802829b2e6,
        type: 3}
      propertyPath: m_LocalPosition.z
      value: 0.0010385513
      objectReference: {fileID: 0}
    - target: {fileID: 5701600371215580864, guid: e566c9e6acbdd4d4c812b7802829b2e6,
        type: 3}
      propertyPath: m_LocalRotation.x
      value: -0
      objectReference: {fileID: 0}
    - target: {fileID: 5701600371215580864, guid: e566c9e6acbdd4d4c812b7802829b2e6,
        type: 3}
      propertyPath: m_LocalRotation.y
      value: 0.99959385
      objectReference: {fileID: 0}
    - target: {fileID: 5701600371215580864, guid: e566c9e6acbdd4d4c812b7802829b2e6,
        type: 3}
      propertyPath: m_LocalRotation.z
      value: -0
      objectReference: {fileID: 0}
    - target: {fileID: 5701600371215580864, guid: e566c9e6acbdd4d4c812b7802829b2e6,
        type: 3}
      propertyPath: m_LocalRotation.w
      value: 0.028498314
      objectReference: {fileID: 0}
    - target: {fileID: 5701600371215580864, guid: e566c9e6acbdd4d4c812b7802829b2e6,
        type: 3}
      propertyPath: m_RootOrder
      value: 6
      objectReference: {fileID: 0}
    - target: {fileID: 5701600371215580864, guid: e566c9e6acbdd4d4c812b7802829b2e6,
        type: 3}
      propertyPath: m_LocalEulerAnglesHint.x
      value: 0
      objectReference: {fileID: 0}
    - target: {fileID: 5701600371215580864, guid: e566c9e6acbdd4d4c812b7802829b2e6,
        type: 3}
      propertyPath: m_LocalEulerAnglesHint.y
      value: 176.73401
      objectReference: {fileID: 0}
    - target: {fileID: 5701600371215580864, guid: e566c9e6acbdd4d4c812b7802829b2e6,
        type: 3}
      propertyPath: m_LocalEulerAnglesHint.z
      value: 0
      objectReference: {fileID: 0}
    m_RemovedComponents: []
  m_SourcePrefab: {fileID: 100100000, guid: e566c9e6acbdd4d4c812b7802829b2e6, type: 3}
--- !u!4 &7033423291084345701 stripped
Transform:
  m_CorrespondingSourceObject: {fileID: 5701600371215580864, guid: e566c9e6acbdd4d4c812b7802829b2e6,
    type: 3}
  m_PrefabInstance: {fileID: 3367454899561344933}
  m_PrefabAsset: {fileID: 0}
--- !u!1001 &5183006282116331137
PrefabInstance:
  m_ObjectHideFlags: 0
  serializedVersion: 2
  m_Modification:
    m_TransformParent: {fileID: 1554866454159002816}
    m_Modifications:
    - target: {fileID: 8176443815008142176, guid: e566c9e6acbdd4d4c812b7802829b2e6,
        type: 3}
      propertyPath: m_Name
      value: Pallet_Model (1)
      objectReference: {fileID: 0}
    - target: {fileID: 5701600371215580864, guid: e566c9e6acbdd4d4c812b7802829b2e6,
        type: 3}
      propertyPath: m_LocalPosition.x
      value: -0.0005723238
      objectReference: {fileID: 0}
    - target: {fileID: 5701600371215580864, guid: e566c9e6acbdd4d4c812b7802829b2e6,
        type: 3}
      propertyPath: m_LocalPosition.y
      value: 0.26300007
      objectReference: {fileID: 0}
    - target: {fileID: 5701600371215580864, guid: e566c9e6acbdd4d4c812b7802829b2e6,
        type: 3}
      propertyPath: m_LocalPosition.z
      value: 0.0005617142
      objectReference: {fileID: 0}
    - target: {fileID: 5701600371215580864, guid: e566c9e6acbdd4d4c812b7802829b2e6,
        type: 3}
      propertyPath: m_LocalRotation.x
      value: -0
      objectReference: {fileID: 0}
    - target: {fileID: 5701600371215580864, guid: e566c9e6acbdd4d4c812b7802829b2e6,
        type: 3}
      propertyPath: m_LocalRotation.y
      value: 0.703942
      objectReference: {fileID: 0}
    - target: {fileID: 5701600371215580864, guid: e566c9e6acbdd4d4c812b7802829b2e6,
        type: 3}
      propertyPath: m_LocalRotation.z
      value: -0
      objectReference: {fileID: 0}
    - target: {fileID: 5701600371215580864, guid: e566c9e6acbdd4d4c812b7802829b2e6,
        type: 3}
      propertyPath: m_LocalRotation.w
      value: 0.7102575
      objectReference: {fileID: 0}
    - target: {fileID: 5701600371215580864, guid: e566c9e6acbdd4d4c812b7802829b2e6,
        type: 3}
      propertyPath: m_RootOrder
      value: 1
      objectReference: {fileID: 0}
    - target: {fileID: 5701600371215580864, guid: e566c9e6acbdd4d4c812b7802829b2e6,
        type: 3}
      propertyPath: m_LocalEulerAnglesHint.x
      value: 0
      objectReference: {fileID: 0}
    - target: {fileID: 5701600371215580864, guid: e566c9e6acbdd4d4c812b7802829b2e6,
        type: 3}
      propertyPath: m_LocalEulerAnglesHint.y
      value: 89.48801
      objectReference: {fileID: 0}
    - target: {fileID: 5701600371215580864, guid: e566c9e6acbdd4d4c812b7802829b2e6,
        type: 3}
      propertyPath: m_LocalEulerAnglesHint.z
      value: 0
      objectReference: {fileID: 0}
    m_RemovedComponents: []
  m_SourcePrefab: {fileID: 100100000, guid: e566c9e6acbdd4d4c812b7802829b2e6, type: 3}
--- !u!4 &634334186574137409 stripped
Transform:
  m_CorrespondingSourceObject: {fileID: 5701600371215580864, guid: e566c9e6acbdd4d4c812b7802829b2e6,
    type: 3}
  m_PrefabInstance: {fileID: 5183006282116331137}
  m_PrefabAsset: {fileID: 0}
--- !u!1001 &7165155154455227617
PrefabInstance:
  m_ObjectHideFlags: 0
  serializedVersion: 2
  m_Modification:
    m_TransformParent: {fileID: 1554866454159002816}
    m_Modifications:
    - target: {fileID: 8176443815008142176, guid: e566c9e6acbdd4d4c812b7802829b2e6,
        type: 3}
      propertyPath: m_Name
      value: Pallet_Model
      objectReference: {fileID: 0}
    - target: {fileID: 5701600371215580864, guid: e566c9e6acbdd4d4c812b7802829b2e6,
        type: 3}
      propertyPath: m_LocalPosition.x
      value: 0
      objectReference: {fileID: 0}
    - target: {fileID: 5701600371215580864, guid: e566c9e6acbdd4d4c812b7802829b2e6,
        type: 3}
      propertyPath: m_LocalPosition.y
      value: 0.110000044
      objectReference: {fileID: 0}
    - target: {fileID: 5701600371215580864, guid: e566c9e6acbdd4d4c812b7802829b2e6,
        type: 3}
      propertyPath: m_LocalPosition.z
      value: 0
      objectReference: {fileID: 0}
    - target: {fileID: 5701600371215580864, guid: e566c9e6acbdd4d4c812b7802829b2e6,
        type: 3}
      propertyPath: m_LocalRotation.x
      value: 0
      objectReference: {fileID: 0}
    - target: {fileID: 5701600371215580864, guid: e566c9e6acbdd4d4c812b7802829b2e6,
        type: 3}
      propertyPath: m_LocalRotation.y
      value: 0
      objectReference: {fileID: 0}
    - target: {fileID: 5701600371215580864, guid: e566c9e6acbdd4d4c812b7802829b2e6,
        type: 3}
      propertyPath: m_LocalRotation.z
      value: 0
      objectReference: {fileID: 0}
    - target: {fileID: 5701600371215580864, guid: e566c9e6acbdd4d4c812b7802829b2e6,
        type: 3}
      propertyPath: m_LocalRotation.w
      value: 1
      objectReference: {fileID: 0}
    - target: {fileID: 5701600371215580864, guid: e566c9e6acbdd4d4c812b7802829b2e6,
        type: 3}
      propertyPath: m_RootOrder
      value: 0
      objectReference: {fileID: 0}
    - target: {fileID: 5701600371215580864, guid: e566c9e6acbdd4d4c812b7802829b2e6,
        type: 3}
      propertyPath: m_LocalEulerAnglesHint.x
      value: 0
      objectReference: {fileID: 0}
    - target: {fileID: 5701600371215580864, guid: e566c9e6acbdd4d4c812b7802829b2e6,
        type: 3}
      propertyPath: m_LocalEulerAnglesHint.y
      value: 0
      objectReference: {fileID: 0}
    - target: {fileID: 5701600371215580864, guid: e566c9e6acbdd4d4c812b7802829b2e6,
        type: 3}
      propertyPath: m_LocalEulerAnglesHint.z
      value: 0
      objectReference: {fileID: 0}
    m_RemovedComponents: []
  m_SourcePrefab: {fileID: 100100000, guid: e566c9e6acbdd4d4c812b7802829b2e6, type: 3}
--- !u!4 &3192939926368211489 stripped
Transform:
  m_CorrespondingSourceObject: {fileID: 5701600371215580864, guid: e566c9e6acbdd4d4c812b7802829b2e6,
    type: 3}
  m_PrefabInstance: {fileID: 7165155154455227617}
  m_PrefabAsset: {fileID: 0}
