%YAML 1.1
%TAG !u! tag:unity3d.com,2011:
--- !u!1 &5146990711505773611
GameObject:
  m_ObjectHideFlags: 0
  m_CorrespondingSourceObject: {fileID: 0}
  m_PrefabInstance: {fileID: 0}
  m_PrefabAsset: {fileID: 0}
  serializedVersion: 6
  m_Component:
  - component: {fileID: 7354899596144700472}
  - component: {fileID: 6042933651535191631}
  m_Layer: 0
  m_Name: Keyboard_Model
  m_TagString: Untagged
  m_Icon: {fileID: 0}
  m_NavMeshLayer: 0
  m_StaticEditorFlags: 0
  m_IsActive: 1
--- !u!4 &7354899596144700472
Transform:
  m_ObjectHideFlags: 0
  m_CorrespondingSourceObject: {fileID: 0}
  m_PrefabInstance: {fileID: 0}
  m_PrefabAsset: {fileID: 0}
  m_GameObject: {fileID: 5146990711505773611}
  m_LocalRotation: {x: 0, y: 0, z: 0, w: 1}
  m_LocalPosition: {x: 0, y: 0, z: 0}
  m_LocalScale: {x: 1, y: 1, z: 1}
  m_Children:
  - {fileID: 8047805391919897925}
  - {fileID: 16041586622262974}
  - {fileID: 3977046131037581614}
  - {fileID: 1471549633863318191}
  m_Father: {fileID: 0}
  m_RootOrder: 0
  m_LocalEulerAnglesHint: {x: 0, y: 0, z: 0}
--- !u!205 &6042933651535191631
LODGroup:
  m_ObjectHideFlags: 0
  m_CorrespondingSourceObject: {fileID: 0}
  m_PrefabInstance: {fileID: 0}
  m_PrefabAsset: {fileID: 0}
  m_GameObject: {fileID: 5146990711505773611}
  serializedVersion: 2
  m_LocalReferencePoint: {x: -0.00033762306, y: 0.024780406, z: 0}
  m_Size: 0.37865222
  m_FadeMode: 1
  m_AnimateCrossFading: 1
  m_LastLODIsBillboard: 0
  m_LODs:
  - screenRelativeHeight: 0.75354254
    fadeTransitionWidth: 0
    renderers:
    - renderer: {fileID: 4182842725986712672}
  - screenRelativeHeight: 0.5178883
    fadeTransitionWidth: 0
    renderers:
    - renderer: {fileID: 1825859690095114209}
  - screenRelativeHeight: 0.18948047
    fadeTransitionWidth: 0
    renderers:
    - renderer: {fileID: 3341515242390956145}
  - screenRelativeHeight: 0.033760127
    fadeTransitionWidth: 0
    renderers:
    - renderer: {fileID: 4740042495774104458}
  m_Enabled: 1
--- !u!1001 &3086435327523583583
PrefabInstance:
  m_ObjectHideFlags: 0
  serializedVersion: 2
  m_Modification:
    m_TransformParent: {fileID: 7354899596144700472}
    m_Modifications:
    - target: {fileID: -927199367670048503, guid: ceb74373efccdff4890a9bd64c984c82,
        type: 3}
      propertyPath: m_Name
      value: Keyboard_LOD_0
      objectReference: {fileID: 0}
    - target: {fileID: -4216859302048453862, guid: ceb74373efccdff4890a9bd64c984c82,
        type: 3}
      propertyPath: m_LocalPosition.x
      value: 0
      objectReference: {fileID: 0}
    - target: {fileID: -4216859302048453862, guid: ceb74373efccdff4890a9bd64c984c82,
        type: 3}
      propertyPath: m_LocalPosition.y
      value: 0.018
      objectReference: {fileID: 0}
    - target: {fileID: -4216859302048453862, guid: ceb74373efccdff4890a9bd64c984c82,
        type: 3}
      propertyPath: m_LocalPosition.z
      value: 0
      objectReference: {fileID: 0}
    - target: {fileID: -4216859302048453862, guid: ceb74373efccdff4890a9bd64c984c82,
        type: 3}
      propertyPath: m_LocalRotation.x
      value: -0.7071068
      objectReference: {fileID: 0}
    - target: {fileID: -4216859302048453862, guid: ceb74373efccdff4890a9bd64c984c82,
        type: 3}
      propertyPath: m_LocalRotation.y
      value: 0
      objectReference: {fileID: 0}
    - target: {fileID: -4216859302048453862, guid: ceb74373efccdff4890a9bd64c984c82,
        type: 3}
      propertyPath: m_LocalRotation.z
      value: 0
      objectReference: {fileID: 0}
    - target: {fileID: -4216859302048453862, guid: ceb74373efccdff4890a9bd64c984c82,
        type: 3}
      propertyPath: m_LocalRotation.w
      value: 0.7071068
      objectReference: {fileID: 0}
    - target: {fileID: -4216859302048453862, guid: ceb74373efccdff4890a9bd64c984c82,
        type: 3}
      propertyPath: m_RootOrder
      value: 0
      objectReference: {fileID: 0}
    - target: {fileID: -4216859302048453862, guid: ceb74373efccdff4890a9bd64c984c82,
        type: 3}
      propertyPath: m_LocalEulerAnglesHint.x
      value: -90
      objectReference: {fileID: 0}
    - target: {fileID: -4216859302048453862, guid: ceb74373efccdff4890a9bd64c984c82,
        type: 3}
      propertyPath: m_LocalEulerAnglesHint.y
      value: 0
      objectReference: {fileID: 0}
    - target: {fileID: -4216859302048453862, guid: ceb74373efccdff4890a9bd64c984c82,
        type: 3}
      propertyPath: m_LocalEulerAnglesHint.z
      value: 0
      objectReference: {fileID: 0}
    - target: {fileID: -4216859302048453862, guid: ceb74373efccdff4890a9bd64c984c82,
        type: 3}
      propertyPath: m_LocalScale.x
      value: 80
      objectReference: {fileID: 0}
    - target: {fileID: -4216859302048453862, guid: ceb74373efccdff4890a9bd64c984c82,
        type: 3}
      propertyPath: m_LocalScale.y
      value: 80
      objectReference: {fileID: 0}
    - target: {fileID: -4216859302048453862, guid: ceb74373efccdff4890a9bd64c984c82,
        type: 3}
      propertyPath: m_LocalScale.z
      value: 80
      objectReference: {fileID: 0}
    - target: {fileID: -1504981713932161579, guid: ceb74373efccdff4890a9bd64c984c82,
        type: 3}
      propertyPath: m_ScaleInLightmap
      value: 1.5158437
      objectReference: {fileID: 0}
    - target: {fileID: -1504981713932161579, guid: ceb74373efccdff4890a9bd64c984c82,
        type: 3}
      propertyPath: m_Materials.Array.data[0]
      value: 
      objectReference: {fileID: 2100000, guid: 03275f3121571e04eb1e4fcefa901062, type: 2}
    m_RemovedComponents: []
  m_SourcePrefab: {fileID: 100100000, guid: ceb74373efccdff4890a9bd64c984c82, type: 3}
--- !u!4 &8047805391919897925 stripped
Transform:
  m_CorrespondingSourceObject: {fileID: -4216859302048453862, guid: ceb74373efccdff4890a9bd64c984c82,
    type: 3}
  m_PrefabInstance: {fileID: 3086435327523583583}
  m_PrefabAsset: {fileID: 0}
--- !u!23 &4740042495774104458 stripped
MeshRenderer:
  m_CorrespondingSourceObject: {fileID: -1504981713932161579, guid: ceb74373efccdff4890a9bd64c984c82,
    type: 3}
  m_PrefabInstance: {fileID: 3086435327523583583}
  m_PrefabAsset: {fileID: 0}
--- !u!1001 &4990632092965094820
PrefabInstance:
  m_ObjectHideFlags: 0
  serializedVersion: 2
  m_Modification:
    m_TransformParent: {fileID: 7354899596144700472}
    m_Modifications:
    - target: {fileID: -927199367670048503, guid: 00ea64e4389d68a4ca809a1bbcbb25c1,
        type: 3}
      propertyPath: m_Name
      value: Keyboard_LOD_1
      objectReference: {fileID: 0}
    - target: {fileID: -4216859302048453862, guid: 00ea64e4389d68a4ca809a1bbcbb25c1,
        type: 3}
      propertyPath: m_LocalPosition.x
      value: 0
      objectReference: {fileID: 0}
    - target: {fileID: -4216859302048453862, guid: 00ea64e4389d68a4ca809a1bbcbb25c1,
        type: 3}
      propertyPath: m_LocalPosition.y
      value: 0.018
      objectReference: {fileID: 0}
    - target: {fileID: -4216859302048453862, guid: 00ea64e4389d68a4ca809a1bbcbb25c1,
        type: 3}
      propertyPath: m_LocalPosition.z
      value: 0
      objectReference: {fileID: 0}
    - target: {fileID: -4216859302048453862, guid: 00ea64e4389d68a4ca809a1bbcbb25c1,
        type: 3}
      propertyPath: m_LocalRotation.x
      value: -0.7071068
      objectReference: {fileID: 0}
    - target: {fileID: -4216859302048453862, guid: 00ea64e4389d68a4ca809a1bbcbb25c1,
        type: 3}
      propertyPath: m_LocalRotation.y
      value: 0
      objectReference: {fileID: 0}
    - target: {fileID: -4216859302048453862, guid: 00ea64e4389d68a4ca809a1bbcbb25c1,
        type: 3}
      propertyPath: m_LocalRotation.z
      value: 0
      objectReference: {fileID: 0}
    - target: {fileID: -4216859302048453862, guid: 00ea64e4389d68a4ca809a1bbcbb25c1,
        type: 3}
      propertyPath: m_LocalRotation.w
      value: 0.7071068
      objectReference: {fileID: 0}
    - target: {fileID: -4216859302048453862, guid: 00ea64e4389d68a4ca809a1bbcbb25c1,
        type: 3}
      propertyPath: m_RootOrder
      value: 1
      objectReference: {fileID: 0}
    - target: {fileID: -4216859302048453862, guid: 00ea64e4389d68a4ca809a1bbcbb25c1,
        type: 3}
      propertyPath: m_LocalEulerAnglesHint.x
      value: -90
      objectReference: {fileID: 0}
    - target: {fileID: -4216859302048453862, guid: 00ea64e4389d68a4ca809a1bbcbb25c1,
        type: 3}
      propertyPath: m_LocalEulerAnglesHint.y
      value: 0
      objectReference: {fileID: 0}
    - target: {fileID: -4216859302048453862, guid: 00ea64e4389d68a4ca809a1bbcbb25c1,
        type: 3}
      propertyPath: m_LocalEulerAnglesHint.z
      value: 0
      objectReference: {fileID: 0}
    - target: {fileID: -4216859302048453862, guid: 00ea64e4389d68a4ca809a1bbcbb25c1,
        type: 3}
      propertyPath: m_LocalScale.x
      value: 80
      objectReference: {fileID: 0}
    - target: {fileID: -4216859302048453862, guid: 00ea64e4389d68a4ca809a1bbcbb25c1,
        type: 3}
      propertyPath: m_LocalScale.y
      value: 80
      objectReference: {fileID: 0}
    - target: {fileID: -4216859302048453862, guid: 00ea64e4389d68a4ca809a1bbcbb25c1,
        type: 3}
      propertyPath: m_LocalScale.z
      value: 80
      objectReference: {fileID: 0}
    - target: {fileID: -1504981713932161579, guid: 00ea64e4389d68a4ca809a1bbcbb25c1,
        type: 3}
      propertyPath: m_ScaleInLightmap
      value: 2.0715532
      objectReference: {fileID: 0}
    - target: {fileID: -1504981713932161579, guid: 00ea64e4389d68a4ca809a1bbcbb25c1,
        type: 3}
      propertyPath: m_Materials.Array.data[0]
      value: 
      objectReference: {fileID: 2100000, guid: 03275f3121571e04eb1e4fcefa901062, type: 2}
    m_RemovedComponents: []
  m_SourcePrefab: {fileID: 100100000, guid: 00ea64e4389d68a4ca809a1bbcbb25c1, type: 3}
--- !u!4 &16041586622262974 stripped
Transform:
  m_CorrespondingSourceObject: {fileID: -4216859302048453862, guid: 00ea64e4389d68a4ca809a1bbcbb25c1,
    type: 3}
  m_PrefabInstance: {fileID: 4990632092965094820}
  m_PrefabAsset: {fileID: 0}
--- !u!23 &3341515242390956145 stripped
MeshRenderer:
  m_CorrespondingSourceObject: {fileID: -1504981713932161579, guid: 00ea64e4389d68a4ca809a1bbcbb25c1,
    type: 3}
  m_PrefabInstance: {fileID: 4990632092965094820}
  m_PrefabAsset: {fileID: 0}
--- !u!1001 &5841531928835969461
PrefabInstance:
  m_ObjectHideFlags: 0
  serializedVersion: 2
  m_Modification:
    m_TransformParent: {fileID: 7354899596144700472}
    m_Modifications:
    - target: {fileID: -927199367670048503, guid: 4d741f886abbe56479dfaa62ddadc99b,
        type: 3}
      propertyPath: m_Name
      value: Keyboard_LOD_3
      objectReference: {fileID: 0}
    - target: {fileID: -4216859302048453862, guid: 4d741f886abbe56479dfaa62ddadc99b,
        type: 3}
      propertyPath: m_LocalPosition.x
      value: 0
      objectReference: {fileID: 0}
    - target: {fileID: -4216859302048453862, guid: 4d741f886abbe56479dfaa62ddadc99b,
        type: 3}
      propertyPath: m_LocalPosition.y
      value: 0.018
      objectReference: {fileID: 0}
    - target: {fileID: -4216859302048453862, guid: 4d741f886abbe56479dfaa62ddadc99b,
        type: 3}
      propertyPath: m_LocalPosition.z
      value: 0
      objectReference: {fileID: 0}
    - target: {fileID: -4216859302048453862, guid: 4d741f886abbe56479dfaa62ddadc99b,
        type: 3}
      propertyPath: m_LocalRotation.x
      value: -0.7071068
      objectReference: {fileID: 0}
    - target: {fileID: -4216859302048453862, guid: 4d741f886abbe56479dfaa62ddadc99b,
        type: 3}
      propertyPath: m_LocalRotation.y
      value: 0
      objectReference: {fileID: 0}
    - target: {fileID: -4216859302048453862, guid: 4d741f886abbe56479dfaa62ddadc99b,
        type: 3}
      propertyPath: m_LocalRotation.z
      value: 0
      objectReference: {fileID: 0}
    - target: {fileID: -4216859302048453862, guid: 4d741f886abbe56479dfaa62ddadc99b,
        type: 3}
      propertyPath: m_LocalRotation.w
      value: 0.7071068
      objectReference: {fileID: 0}
    - target: {fileID: -4216859302048453862, guid: 4d741f886abbe56479dfaa62ddadc99b,
        type: 3}
      propertyPath: m_RootOrder
      value: 3
      objectReference: {fileID: 0}
    - target: {fileID: -4216859302048453862, guid: 4d741f886abbe56479dfaa62ddadc99b,
        type: 3}
      propertyPath: m_LocalEulerAnglesHint.x
      value: -90
      objectReference: {fileID: 0}
    - target: {fileID: -4216859302048453862, guid: 4d741f886abbe56479dfaa62ddadc99b,
        type: 3}
      propertyPath: m_LocalEulerAnglesHint.y
      value: 0
      objectReference: {fileID: 0}
    - target: {fileID: -4216859302048453862, guid: 4d741f886abbe56479dfaa62ddadc99b,
        type: 3}
      propertyPath: m_LocalEulerAnglesHint.z
      value: 0
      objectReference: {fileID: 0}
    - target: {fileID: -4216859302048453862, guid: 4d741f886abbe56479dfaa62ddadc99b,
        type: 3}
      propertyPath: m_LocalScale.x
      value: 80
      objectReference: {fileID: 0}
    - target: {fileID: -4216859302048453862, guid: 4d741f886abbe56479dfaa62ddadc99b,
        type: 3}
      propertyPath: m_LocalScale.y
      value: 80
      objectReference: {fileID: 0}
    - target: {fileID: -4216859302048453862, guid: 4d741f886abbe56479dfaa62ddadc99b,
        type: 3}
      propertyPath: m_LocalScale.z
      value: 80
      objectReference: {fileID: 0}
    - target: {fileID: -1504981713932161579, guid: 4d741f886abbe56479dfaa62ddadc99b,
        type: 3}
      propertyPath: m_Materials.Array.data[0]
      value: 
      objectReference: {fileID: 2100000, guid: 03275f3121571e04eb1e4fcefa901062, type: 2}
    m_RemovedComponents: []
  m_SourcePrefab: {fileID: 100100000, guid: 4d741f886abbe56479dfaa62ddadc99b, type: 3}
--- !u!4 &1471549633863318191 stripped
Transform:
  m_CorrespondingSourceObject: {fileID: -4216859302048453862, guid: 4d741f886abbe56479dfaa62ddadc99b,
    type: 3}
  m_PrefabInstance: {fileID: 5841531928835969461}
  m_PrefabAsset: {fileID: 0}
--- !u!23 &4182842725986712672 stripped
MeshRenderer:
  m_CorrespondingSourceObject: {fileID: -1504981713932161579, guid: 4d741f886abbe56479dfaa62ddadc99b,
    type: 3}
  m_PrefabInstance: {fileID: 5841531928835969461}
  m_PrefabAsset: {fileID: 0}
--- !u!1001 &8235951960324282932
PrefabInstance:
  m_ObjectHideFlags: 0
  serializedVersion: 2
  m_Modification:
    m_TransformParent: {fileID: 7354899596144700472}
    m_Modifications:
    - target: {fileID: -927199367670048503, guid: 7ae64b96d6e5ad74ebb4e20145258472,
        type: 3}
      propertyPath: m_Name
      value: Keyboard_LOD_2
      objectReference: {fileID: 0}
    - target: {fileID: -4216859302048453862, guid: 7ae64b96d6e5ad74ebb4e20145258472,
        type: 3}
      propertyPath: m_LocalPosition.x
      value: 0
      objectReference: {fileID: 0}
    - target: {fileID: -4216859302048453862, guid: 7ae64b96d6e5ad74ebb4e20145258472,
        type: 3}
      propertyPath: m_LocalPosition.y
      value: 0.018
      objectReference: {fileID: 0}
    - target: {fileID: -4216859302048453862, guid: 7ae64b96d6e5ad74ebb4e20145258472,
        type: 3}
      propertyPath: m_LocalPosition.z
      value: 0
      objectReference: {fileID: 0}
    - target: {fileID: -4216859302048453862, guid: 7ae64b96d6e5ad74ebb4e20145258472,
        type: 3}
      propertyPath: m_LocalRotation.x
      value: -0.7071068
      objectReference: {fileID: 0}
    - target: {fileID: -4216859302048453862, guid: 7ae64b96d6e5ad74ebb4e20145258472,
        type: 3}
      propertyPath: m_LocalRotation.y
      value: 0
      objectReference: {fileID: 0}
    - target: {fileID: -4216859302048453862, guid: 7ae64b96d6e5ad74ebb4e20145258472,
        type: 3}
      propertyPath: m_LocalRotation.z
      value: 0
      objectReference: {fileID: 0}
    - target: {fileID: -4216859302048453862, guid: 7ae64b96d6e5ad74ebb4e20145258472,
        type: 3}
      propertyPath: m_LocalRotation.w
      value: 0.7071068
      objectReference: {fileID: 0}
    - target: {fileID: -4216859302048453862, guid: 7ae64b96d6e5ad74ebb4e20145258472,
        type: 3}
      propertyPath: m_RootOrder
      value: 2
      objectReference: {fileID: 0}
    - target: {fileID: -4216859302048453862, guid: 7ae64b96d6e5ad74ebb4e20145258472,
        type: 3}
      propertyPath: m_LocalEulerAnglesHint.x
      value: -90
      objectReference: {fileID: 0}
    - target: {fileID: -4216859302048453862, guid: 7ae64b96d6e5ad74ebb4e20145258472,
        type: 3}
      propertyPath: m_LocalEulerAnglesHint.y
      value: 0
      objectReference: {fileID: 0}
    - target: {fileID: -4216859302048453862, guid: 7ae64b96d6e5ad74ebb4e20145258472,
        type: 3}
      propertyPath: m_LocalEulerAnglesHint.z
      value: 0
      objectReference: {fileID: 0}
    - target: {fileID: -4216859302048453862, guid: 7ae64b96d6e5ad74ebb4e20145258472,
        type: 3}
      propertyPath: m_LocalScale.x
      value: 80
      objectReference: {fileID: 0}
    - target: {fileID: -4216859302048453862, guid: 7ae64b96d6e5ad74ebb4e20145258472,
        type: 3}
      propertyPath: m_LocalScale.y
      value: 80
      objectReference: {fileID: 0}
    - target: {fileID: -4216859302048453862, guid: 7ae64b96d6e5ad74ebb4e20145258472,
        type: 3}
      propertyPath: m_LocalScale.z
      value: 80
      objectReference: {fileID: 0}
    - target: {fileID: -1504981713932161579, guid: 7ae64b96d6e5ad74ebb4e20145258472,
        type: 3}
      propertyPath: m_ScaleInLightmap
      value: 1.5070851
      objectReference: {fileID: 0}
    - target: {fileID: -1504981713932161579, guid: 7ae64b96d6e5ad74ebb4e20145258472,
        type: 3}
      propertyPath: m_Materials.Array.data[0]
      value: 
      objectReference: {fileID: 2100000, guid: 03275f3121571e04eb1e4fcefa901062, type: 2}
    m_RemovedComponents: []
  m_SourcePrefab: {fileID: 100100000, guid: 7ae64b96d6e5ad74ebb4e20145258472, type: 3}
--- !u!4 &3977046131037581614 stripped
Transform:
  m_CorrespondingSourceObject: {fileID: -4216859302048453862, guid: 7ae64b96d6e5ad74ebb4e20145258472,
    type: 3}
  m_PrefabInstance: {fileID: 8235951960324282932}
  m_PrefabAsset: {fileID: 0}
--- !u!23 &1825859690095114209 stripped
MeshRenderer:
  m_CorrespondingSourceObject: {fileID: -1504981713932161579, guid: 7ae64b96d6e5ad74ebb4e20145258472,
    type: 3}
  m_PrefabInstance: {fileID: 8235951960324282932}
  m_PrefabAsset: {fileID: 0}
